@article{wilson2011comparing,
  title={Comparing nuclear fuel cycle options},
  author={Wilson, Paul PH},
  journal={Observation and Challenges},
  year={2011}
}

@techreport{guerin2009benchmark,
  title={A benchmark study of computer codes for system analysis of the nuclear fuel cycle},
  author={Gu{\'e}rin, Laurent and Feng, Bo and Hejzlar, Pavel and Forget, Benoit and Kazimi, Mujid S and Van Den Durpel, Luc and Yacout, Abdellatif and Taiwo, Temi and Dixon, Brent W and Matthern, Grechen and others},
  year={2009},
  institution={Massachusetts Institute of Technology. Center for Advanced Nuclear Energy Systems. Nuclear Fuel Cycle Program}
}

@techreport{piet2011assessment,
  title={Assessment of Tools and Data for System-Level Dynamic Analyse},
  author={Piet, Steven J and Soelberg, Nick R},
  year={2011},
  institution={INL/EXT-11}
}

@article{cyclus_v1_0,
author = " Robert W. Carlsen and Matthew Gidden and Kathryn Huff and  Arrielle C. Opotowsky and Olzhas Rakhimov and  Anthony M. Scopatz and Zach Welch and Paul Wilson",
title = "{Cyclus v1.0.0}",
year = "2014",
month = "06",
note = "http://dx.doi.org/10.6084/m9.figshare.1041745",
url = "http://dx.doi.org/10.6084/m9.figshare.1041745"
}

@article{cyclus_v1_2,
author = "Robert Carlsen and Robert Flanagan and Matthew Gidden and Anthony Scopatz and John D. Xia",
title = "{Cyclus v1.2.0}",
year = "2014",
month = "12",
note = "http://dx.doi.org/10.6084/m9.figshare.1256424",
url = "http://dx.doi.org/10.6084/m9.figshare.1256424"
}

@article{DBLP:journals/corr/HuffGCFMOSSW15,
  author    = {Kathryn D. Huff and
               Matthew J. Gidden and
               Robert W. Carlsen and
               Robert R. Flanagan and
               Meghan B. McGarry and
               Arrielle C. Opotowsky and
               Erich A. Schneider and
               Anthony M. Scopatz and
               Paul P. H. Wilson},
  title     = {Fundamental Concepts in the Cyclus Fuel Cycle Simulator Framework},
  journal   = {CoRR},
  volume    = {abs/1509.03604},
  year      = {2015},
  url       = {http://arxiv.org/abs/1509.03604},
  timestamp = {Thu, 01 Oct 2015 14:28:48 +0200},
  biburl    = {http://dblp.uni-trier.de/rec/bib/journals/corr/HuffGCFMOSSW15},
  bibsource = {dblp computer science bibliography, http://dblp.org}
}

@book{rasmussen2006gaussian,
  title={Gaussian processes for machine learning},
  author={Rasmussen, Carl Edward and Christopher KI Williams},
  year={2006},
  publisher={The MIT Press}
}

@article{scikit-learn,
 title={Scikit-learn: Machine Learning in {P}ython},
 author={Pedregosa, F. and Varoquaux, G. and Gramfort, A. and Michel, V.
         and Thirion, B. and Grisel, O. and Blondel, M. and Prettenhofer, P.
         and Weiss, R. and Dubourg, V. and Vanderplas, J. and Passos, A. and
         Cournapeau, D. and Brucher, M. and Perrot, M. and Duchesnay, E.},
 journal={Journal of Machine Learning Research},
 volume={12},
 pages={2825--2830},
 year={2011}
}

@article{hodlr,
    author = {{Ambikasaran}, S. and {Foreman-Mackey}, D. and
              {Greengard}, L. and {Hogg}, D.~W. and {O'Neil}, M.},
     title = "{Fast Direct Methods for Gaussian Processes and the Analysis
               of NASA Kepler Mission Data}",
      year = 2014,
     month = mar,
       url = http://arxiv.org/abs/1403.6015
}

@incollection{muller,
    year={2007},
    isbn={978-3-540-74047-6},
    author={Meinard M\"uller},
    booktitle={Information Retrieval for Music and Motion},
    doi={10.1007/978-3-540-74048-3_4},
    title={Dynamic Time Warping},
    url={http://dx.doi.org/10.1007/978-3-540-74048-3_4},
    publisher={Springer Berlin Heidelberg},
    pages={69-84},
    language={English}
}

@article{myers1980performance,
  title={Performance tradeoffs in dynamic time warping algorithms for isolated word recognition},
  author={Myers, Cory and Rabiner, Lawrence R and Rosenberg, Aaron E},
  journal={Acoustics, Speech and Signal Processing, IEEE Transactions on},
  volume={28},
  number={6},
  pages={623--635},
  year={1980},
  publisher={IEEE}
}

@article{muda2010voice,
  title={Voice recognition algorithms using mel frequency cepstral coefficient (MFCC) and dynamic time warping (DTW) techniques},
  author={Muda, Lindasalwa and Begam, Mumtaj and Elamvazuthi, I},
  journal={arXiv preprint arXiv:1003.4083},
  year={2010}
}

@inproceedings{yacout2005modeling,
  title={Modeling the Nuclear Fuel Cycle},
  author={Yacout, AM and Jacobson, JJ and Matthern, GE and Piet, SJ and Moisseytsev, A},
  booktitle={The 23rd International Conference of the System Dynamics Society," Boston},
  year={2005}
}

@misc{feng2015dymond,
  author="B. Feng",
  title="DYMOND EG01 to EG23 data",
  date="2015",
  institution={Argonne National Laboratory},
  howpublished="private communication"
}

@article{merletti1999standards,
  title={Standards for reporting EMG data},
  author={Merletti, Roberto and Di Torino, P},
  journal={J Electromyogr Kinesiol},
  volume={9},
  number={1},
  pages={3--4},
  year={1999}
}

@inproceedings{moreland2003fft,
  title={The FFT on a GPU},
  author={Moreland, Kenneth and Angel, Edward},
  booktitle={Proceedings of the ACM SIGGRAPH/EUROGRAPHICS conference on Graphics hardware},
  pages={112--119},
  year={2003},
  organization={Eurographics Association}
}

@inproceedings{imai1983cepstral,
  title={Cepstral analysis synthesis on the mel frequency scale},
  author={Imai, Satoshi},
  booktitle={Acoustics, Speech, and Signal Processing, IEEE International Conference on ICASSP'83.},
  volume={8},
  pages={93--96},
  year={1983},
  organization={IEEE}
}

@inproceedings{milner2002speech,
  title={Speech reconstruction from mel-frequency cepstral coefficients using a source-filter model.},
  author={Milner, Ben and Shao, Xu},
  booktitle={INTERSPEECH},
  year={2002},
  organization={Citeseer}
}

@article{sato2007emotion,
  title={Emotion recognition using mel-frequency cepstral coefficients},
  author={Sato, Nobuo and Obuchi, Yasunari},
  journal={Information and Media Technologies},
  volume={2},
  number={3},
  pages={835--848},
  year={2007},
  publisher={Information and Media Technologies Editorial Board}
}